@article{Abdelaziz2017largeScaleMiningKGDrugDrugInteractions,
  author    = {Abdelaziz, Ibrahim and Fokoue, Achille and Hassanzadeh, Oktie and Zhang, Ping and Sadoghi, Mohammad},
  journal   = {Journal of Web Semantics},
  note      = {\url{https://www.sciencedirect.com/science/article/pii/S157082681730029X}},
  pages     = {104--117},
  publisher = {Elsevier},
  title     = {Large-scale structural and textual similarity-based mining of knowledge graph to predict drug--drug interactions},
  volume    = {44},
  year      = {2017}
}

@inproceedings{adcock2013tree,
  author       = {Adcock, Aaron B and Sullivan, Blair D and Mahoney, Michael W},
  booktitle    = {2013 IEEE 13th international conference on data mining},
  note         = {\url{https://ieeexplore.ieee.org/iel7/6724379/6729471/06729484.pdf?casa_token=xcrFK1dU6j8AAAAA:U98Aqe2w82AIOupPemMsgv4ECMDUygvRgXlvg6tlfVwALaQ20RxXr4uQ9m74hkuDGGpnLeiG}},
  organization = {IEEE},
  pages        = {1--10},
  title        = {Tree-like structure in large social and information networks},
  year         = {2013}
}

@inproceedings{Agrawal2018LargeScaleAnalysisDiseasePathwaysHumanInteractome,
  author    = {Agrawal, Monica and Zitnik, Marinka and Leskovec, Jure},
  booktitle = {Pacific Symposium on Biocomputing. Pacific Symposium on Biocomputing},
  note      = {\url{https://pmc.ncbi.nlm.nih.gov/articles/PMC5731453/pdf/nihms921827.pdf}},
  pages     = {111},
  title     = {Large-scale analysis of disease pathways in the human interactome},
  volume    = {23},
  year      = {2018}
}

@inproceedings{Ahmed2013distributedLargeScaleNaturalGraphFactorization,
  author    = {Ahmed, Amr and Shervashidze, Nino and Narayanamurthy, Shravan and Josifovski, Vanja and Smola, Alexander J},
  booktitle = {Proceedings of the 22nd international conference on World Wide Web},
  note      = {\url{https://dl.acm.org/doi/pdf/10.1145/2488388.2488393}},
  pages     = {37--48},
  title     = {Distributed large-scale natural graph factorization},
  year      = {2013}
}

@book{Anderson2006hyperbolicGeometry,
  author    = {Anderson, James W},
  publisher = {Springer Science \& Business Media},
  title     = {Hyperbolic geometry},
  year      = {2006}
}

@article{Angles2017FoundationmodernQueryLnguagesforGraphDatabases,
  author    = {Angles, Renzo and Arenas, Marcelo and Barcel{\'o}, Pablo and Hogan, Aidan and Reutter, Juan and Vrgo{\v{c}}, Domagoj},
  journal   = {ACM Computing Surveys (CSUR)},
  note      = {\url{https://dl.acm.org/doi/pdf/10.1145/3104031}},
  number    = {5},
  pages     = {1--40},
  publisher = {ACM New York, NY, USA},
  title     = {Foundations of modern query languages for graph databases},
  volume    = {50},
  year      = {2017}
}

@inproceedings{Angles2018G-CORE,
  author    = {Angles, Renzo and Arenas, Marcelo and Barcel{\'o}, Pablo and Boncz, Peter and Fletcher, George and Gutierrez, Claudio and Lindaaker, Tobias and Paradies, Marcus and Plantikow, Stefan and Sequeda, Juan and others},
  booktitle = {Proceedings of the 2018 International Conference on Management of Data},
  note      = {\url{https://dl.acm.org/doi/pdf/10.1145/3183713.3190654}},
  pages     = {1421--1432},
  title     = {G-CORE: A core for future graph query languages},
  year      = {2018}
}

@article{battaglia2018relationalInductiveBiases,
  author  = {Battaglia, Peter W and Hamrick, Jessica B and Bapst, Victor and Sanchez-Gonzalez, Alvaro and Zambaldi, Vinicius and Malinowski, Mateusz and Tacchetti, Andrea and Raposo, David and Santoro, Adam and Faulkner, Ryan and others},
  journal = {arXiv preprint arXiv:1806.01261},
  note    = {\url{https://arxiv.org/pdf/1806.01261}},
  title   = {Relational inductive biases, deep learning, and graph networks},
  year    = {2018}
}

@article{Belkin2001laplacianEigenmapsSpectralClusteringTechniquesEmbeddingClustering,
  author  = {Belkin, Mikhail and Niyogi, Partha},
  journal = {Advances in neural information processing systems},
  note    = {\url{https://proceedings.neurips.cc/paper\_files/paper/2001/file/f106b7f99d2cb30c3db1c3cc0fde9ccb-Paper.pdf}},
  title   = {Laplacian eigenmaps and spectral techniques for embedding and clustering},
  volume  = {14},
  year    = {2001}
}


@misc{BernersLee2006LinkedData,
  author       = {Berners-Lee, Tim},
  howpublished = {W3C Design Issues},
  note         = {\url{https://www.w3.org/DesignIssues/LinkedData.html}},
  title        = {Linked Data},
  year         = {2006}
}

@article{Bordes2013TransE,
  author  = {Bordes, Antoine and Usunier, Nicolas and Garcia-Duran, Alberto and Weston, Jason and Yakhnenko, Oksana},
  journal = {Advances in neural information processing systems},
  note    = {\url{https://proceedings.neurips.cc/paper/2013/file/1cecc7a77928ca8133fa24680a88d2f9-Paper.pdf}},
  title   = {Translating embeddings for modeling multi-relational data},
  volume  = {26},
  year    = {2013}
}

@misc{Brickley2014RDFSchema1.1,
  \note     = {\url{https://www.w3.org/TR/2014/REC-rdf-schema-20140225/}},
  author    = {World Wide Web Consortium and others},
  publisher = {World Wide Web Consortium},
  title     = {RDF 1.1 Primer},
  year      = {2014}
}

@article{Callahan2020KBDS,
  author    = {Callahan, Tiffany J and Tripodi, Ignacio J and Pielke-Lombardo, Harrison and Hunter, Lawrence E},
  journal   = {Annual review of biomedical data science},
  note      = {\url{https://pmc.ncbi.nlm.nih.gov/articles/PMC8095730/pdf/nihms-1654586.pdf}},
  number    = {1},
  pages     = {23--41},
  publisher = {Annual Reviews},
  title     = {Knowledge-based biomedical data science},
  volume    = {3},
  year      = {2020}
}

@misc{callahan2024opensourceknowledgegraphecosystem,
  author    = {Callahan, Tiffany J and Tripodi, Ignacio J and Stefanski, Adrianne L and Cappelletti, Luca and Taneja, Sanya B and Wyrwa, Jordan M and Casiraghi, Elena and Matentzoglu, Nicolas A and Reese, Justin and Silverstein, Jonathan C and others},
  journal   = {Scientific Data},
  note      = {\url{https://www.nature.com/articles/s41597-024-03171-w.pdf}},
  number    = {1},
  pages     = {363},
  publisher = {Nature Publishing Group UK London},
  title     = {An open source knowledge graph ecosystem for the life sciences},
  volume    = {11},
  year      = {2024}
}

@inproceedings{Cao2015grarep,
  author    = {Cao, Shaosheng and Lu, Wei and Xu, Qiongkai},
  booktitle = {Proceedings of the 24th ACM international on conference on information and knowledge management},
  note      = {\url{https://dl.acm.org/doi/pdf/10.1145/2806416.2806512}},
  pages     = {891--900},
  title     = {Grarep: Learning graph representations with global structural information},
  year      = {2015}
}

@article{CavalleriEmanuele2024Aokg,
  author    = {Cavalleri, Emanuele and Cabri, Alberto and Soto-Gomez, Mauricio and Bonfitto, Sara and Perlasca, Paolo and Gliozzo, Jessica and Callahan, Tiffany J and Reese, Justin and Robinson, Peter N and Casiraghi, Elena and others},
  journal   = {Scientific Data},
  note      = {\url{https://www.nature.com/articles/s41597-024-03673-7.pdf}},
  number    = {1},
  pages     = {906},
  publisher = {Nature Publishing Group UK London},
  title     = {An ontology-based knowledge graph for representing interactions involving RNA molecules},
  volume    = {11},
  year      = {2024}
}

@article{Cebiric2019SummarizingSemanticGraphs,
  author    = {{\v{C}}ebiri{\'c}, {\v{S}}ejla and Goasdou{\'e}, Fran{\c{c}}ois and Kondylakis, Haridimos and Kotzinos, Dimitris and Manolescu, Ioana and Troullinou, Georgia and Zneika, Mussab},
  journal   = {The VLDB journal},
  note      = {\url{https://link.springer.com/content/pdf/10.1007/s00778-018-0528-3.pdf}},
  pages     = {295--327},
  publisher = {Springer},
  title     = {Summarizing semantic graphs: a survey},
  volume    = {28},
  year      = {2019}
}

@book{Chami2021representationLearningAlgorithmsHyperbolicSpaces,
  author    = {Chami, Ines},
  note      = {\url{https://purl.stanford.edu/bj040rx3340}},
  publisher = {Stanford University},
  title     = {Representation Learning and Algorithms in Hyperbolic Spaces},
  year      = {2021}
}

@article{ChandakPayal2023Bakg,
  author    = {Chandak, Payal and Huang, Kexin and Zitnik, Marinka},
  journal   = {Scientific Data},
  note      = {\url{https://www.nature.com/articles/s41597-023-01960-3.pdf}},
  number    = {1},
  pages     = {67},
  publisher = {Nature Publishing Group UK London},
  title     = {Building a knowledge graph to enable precision medicine},
  volume    = {10},
  year      = {2023}
}

@article{ChanLaurenE2024Pnae,
  author    = {Chan, Lauren E and Casiraghi, Elena and Reese, Justin and Harmon, Quaker E and Schaper, Kevin and Hegde, Harshad and Valentini, Giorgio and Schmitt, Charles and Motsinger-Reif, Alison and Hall, Janet E and others},
  journal   = {International journal of medical informatics},
  note      = {\url{https://www.sciencedirect.com/science/article/pii/S1386505624001242}},
  pages     = {105461},
  publisher = {Elsevier},
  title     = {Predicting nutrition and environmental factors associated with female reproductive disorders using a knowledge graph and random forests},
  volume    = {187},
  year      = {2024}
}

@article{chen2013hyperbolicity,
  author    = {Chen, Wei and Fang, Wenjie and Hu, Guangda and Mahoney, Michael W},
  journal   = {Internet Mathematics},
  note      = {\url{https://www.tandfonline.com/doi/pdf/10.1080/15427951.2013.828336?casa_token=c7vvevGpEzcAAAAA:nBSpbNTVx23UAMFhcqijDP4PS0pYSEUl_RlCZWefm9AkHZronVgBC4Rsme8OvUMndFPM5ckDmzQj}},
  number    = {4},
  pages     = {434--491},
  publisher = {Taylor \& Francis},
  title     = {On the hyperbolicity of small-world and treelike random graphs},
  volume    = {9},
  year      = {2013}
}

@article{Cho2014learningPhraseRepresentations,
  author  = {Cho, Kyunghyun and Van Merri{\"e}nboer, Bart and Gulcehre, Caglar and Bahdanau, Dzmitry and Bougares, Fethi and Schwenk, Holger and Bengio, Yoshua},
  journal = {arXiv preprint arXiv:1406.1078},
  note    = {\url{https://arxiv.org/pdf/1406.1078}},
  title   = {Learning phrase representations using RNN encoder-decoder for statistical machine translation},
  year    = {2014}
}

@misc{Cyganiak2014rdf,
  author       = {Cyganiak, Richard and Wood, David and Lanthaler, Markus},
  month        = {February},
  note         = {\url{https://www.w3.org/TR/2014/REC-rdf11-concepts-20140225/}},
  note         = {W3C Recommendation},
  organization = {World Wide Web Consortium},
  title        = {{RDF 1.1 Concepts and Abstract Syntax}},
  year         = {2014}
}

@article{DeMelo2015Lexvo.org,
  author    = {De Melo, Gerard},
  journal   = {Semantic Web},
  note      = {\url{https://www.researchgate.net/profile/Gerard-De-Melo-2/publication/277903782\_Lexvoorg\_Language-related\_information\_for\_the\_Linguistic\_Linked\_Data\_cloud/links/564e0cba08aefe619b0f7937/Lexvoorg-Language-related-information-for-the-Linguistic-Linked-Data-cloud.pdf}},
  number    = {4},
  pages     = {393--400},
  publisher = {SAGE Publications Sage UK: London, England},
  title     = {Lexvo. org: Language-related information for the linguistic linked data cloud},
  volume    = {6},
  year      = {2015}
}

@book{doCarmo1992riemannianGeometry,
  author    = {Do Carmo, Manfredo Perdigao and Flaherty Francis, J},
  publisher = {Springer},
  title     = {Riemannian geometry},
  volume    = {2},
  year      = {1992}
}

@article{Donnat2017GraphWaveletsStructuralRoleSimilarityComplexNws,
  author = {Donnat, Claire and Zitnik, Marinka and Hallac, David and Leskovec, Jure},
  note   = {\url{https://openreview.net/pdf?id=rJR2ylbRb}},
  title  = {Spectral graph wavelets for structural role similarity in networks},
  year   = {2018}
}

@misc{Durst2005IRIs,
  author    = {Duerst, Martin and Suignard, Michel},
  note      = {\url{https://dl.acm.org/doi/pdf/10.17487/RFC3987}},
  publisher = {RFC Editor},
  title     = {Rfc 3987: Internationalized resource identifiers (iris)},
  year      = {2005}
}

@inproceedings{Ehrlinger2016TowardsAD,
  author  = {Ehrlinger, Lisa and W{\"o}{\ss}, Wolfram},
  journal = {SEMANTiCS (Posters, Demos, SuCCESS)},
  note    = {\url{https://ceur-ws.org/Vol-1695/paper4.pdf?utm\_source=gradientflow\&utm\_medium=newsletter\&utm\_campaign=issues20}},
  number  = {1-4},
  pages   = {2},
  title   = {Towards a definition of knowledge graphs.},
  volume  = {48},
  year    = {2016}
}

@article{Farber2016linked,
  author  = {F{\"a}rber, Michael and Bartscherer, Frederic and Menne, Carsten and Rettinger, Achim},
  journal = {Semantic Web},
  note    = {\url{https://dl.acm.org/doi/abs/10.3233/SW-170275}},
  number  = {1},
  pages   = {77--129},
  title   = {Linked data quality of dbpedia, freebase, opencyc, wikidata, and yago},
  volume  = {9},
  year    = {2017}
}

@article{Fitzpatrick2008euclidElementsGeometry,
  author = {Fitzpatrick, Richard},
  note   = {\url{http://jnsilva.ludicum.org/Elements.pdf}},
  title  = {Euclid’s elements of geometry},
  year   = {2008}
}

@inproceedings{Francis2018Cypher,
  author    = {Francis, Nadime and Green, Alastair and Guagliardo, Paolo and Libkin, Leonid and Lindaaker, Tobias and Marsault, Victor and Plantikow, Stefan and Rydberg, Mats and Selmer, Petra and Taylor, Andr{\'e}s},
  booktitle = {Proceedings of the 2018 international conference on management of data},
  note      = {\url{https://dl.acm.org/doi/pdf/10.1145/3183713.3190657}},
  pages     = {1433--1445},
  title     = {Cypher: An evolving query language for property graphs},
  year      = {2018}
}

@inproceedings{Gilmer2017neuralMessagePassing,
  author       = {Gilmer, Justin and Schoenholz, Samuel S and Riley, Patrick F and Vinyals, Oriol and Dahl, George E},
  booktitle    = {International conference on machine learning},
  note         = {\url{http://proceedings.mlr.press/v70/gilmer17a/gilmer17a.pdf}},
  organization = {PMLR},
  pages        = {1263--1272},
  title        = {Neural message passing for quantum chemistry},
  year         = {2017}
}

@inproceedings{Gonzalez2018ModellingDynamicsSemanticWebKGFormalConceptAnalysis,
  author    = {Gonz{\'a}lez, Larry and Hogan, Aidan},
  booktitle = {Proceedings of the 2018 world wide web conference},
  note      = {\url{https://dl.acm.org/doi/pdf/10.1145/3178876.3186016}},
  pages     = {1175--1184},
  title     = {Modelling dynamics in semantic web knowledge graphs with formal concept analysis},
  year      = {2018}
}

@article{Gonzalez2023drugmechdb,
  author    = {Gonzalez-Cavazos, Adriana Carolina and Tanska, Anna and Mayers, Michael and Carvalho-Silva, Denise and Sridharan, Brindha and Rewers, Patrick A and Sankarlal, Umasri and Jagannathan, Lakshmanan and Su, Andrew I},
  journal   = {Scientific Data},
  note      = {\url{https://www.nature.com/articles/s41597-023-02534-z.pdf}},
  number    = {1},
  pages     = {632},
  publisher = {Nature Publishing Group UK London},
  title     = {DrugMechDB: a curated database of drug mechanisms},
  volume    = {10},
  year      = {2023}
}

@incollection{gromov1987hyperbolic,
  author    = {Gromov, Mikhael},
  booktitle = {Essays in group theory},
  pages     = {75--263},
  publisher = {Springer},
  title     = {Hyperbolic groups},
  year      = {1987}
}

@inproceedings{Grover2016node2vec,
  author    = {Grover, Aditya and Leskovec, Jure},
  booktitle = {Proceedings of the 22nd ACM SIGKDD international conference on Knowledge discovery and data mining},
  note      = {\url{https://dl.acm.org/doi/pdf/10.1145/2939672.2939754}},
  pages     = {855--864},
  title     = {node2vec: Scalable feature learning for networks},
  year      = {2016}
}

@article{Hakala2010PIDs,
  author  = {Hakala, Juha and others},
  journal = {KIM Technology Watch Report},
  note    = {\url{https://www.academia.edu/download/84865808/PI-intro-2010-09-22.pdf}},
  title   = {Persistent identifiers-an overview},
  year    = {2010}
}

@article{Hamilton2017inductiveRepresentationLearning,
  author  = {Hamilton, Will and Ying, Zhitao and Leskovec, Jure},
  journal = {Advances in neural information processing systems},
  note    = {\url{https://proceedings.neurips.cc/paper/2017/file/5dd9db5e033da9c6fb5ba83c7a7ebea9-Paper.pdf}},
  title   = {Inductive representation learning on large graphs},
  volume  = {30},
  year    = {2017}
}
}

@article{Hamilton2020GraphRL,
  author    = {Hamilton, William L},
  publisher = {Morgan \& Claypool Publishers},
  title     = {Graph representation learning},
  year      = {2020}
}

@misc{Harris2013SPARQL,
  author    = {World Wide Web Consortium and others},
  note      = {\url{https://www.w3.org/TR/2013/REC-sparql11-query-20130321/}},
  publisher = {World Wide Web Consortium},
  title     = {SPARQL 1.1 overview},
  year      = {2013}
}

@book{Heath2011LinkedData,
  author    = {Heath, Tom and Bizer, Christian},
  note      = {\url{https://yingding.ischool.utexas.edu/Teaching/S604/LODBook.pdf}},
  publisher = {Morgan \& Claypool Publishers},
  title     = {Linked data: Evolving the web into a global data space},
  year      = {2011}
}

@article{Himmelstein2017Hetionet,
  author    = {Himmelstein, Daniel Scott and Lizee, Antoine and Hessler, Christine and Brueggeman, Leo and Chen, Sabrina L and Hadley, Dexter and Green, Ari and Khankhanian, Pouya and Baranzini, Sergio E},
  journal   = {elife},
  note      = {\url{https://elifesciences.org/articles/26726.pdf}},
  pages     = {e26726},
  publisher = {eLife Sciences Publications, Ltd},
  title     = {Systematic integration of biomedical knowledge prioritizes drugs for repurposing},
  volume    = {6},
  year      = {2017}
}

@book{Hitzler2010FoundationsSWTechnologies,
  author    = {Hitzler, Pascal and Krotzsch, Markus and Rudolph, Sebastian},
  note      = {\url{https://www.semantic-web-grundlagen.de/w/images/1/14/15-anwendungen.pdf}},
  publisher = {Chapman and Hall/CRC},
  title     = {Foundations of semantic web technologies},
  year      = {2009}
}

@misc{Hitzler2014OWLPrimer,
  author  = {Hitzler, Pascal and Kr{\"o}tzsch, Markus and Parsia, Bijan and Patel-Schneider, Peter F and Rudolph, Sebastian and others},
  journal = {W3C recommendation},
  note    = {\url{https://www.w3.org/TR/2009/PR-owl2-primer-20090922/all.pdf}},
  number  = {1},
  pages   = {123},
  title   = {OWL 2 web ontology language primer},
  volume  = {27},
  year    = {2009}
}

@article{hochreiter1997LSTM,
  author    = {Hochreiter, Sepp and Schmidhuber, J{\"u}rgen},
  journal   = {Neural computation},
  note      = {\url{https://direct.mit.edu/neco/article-pdf/9/8/1735/813796/neco.1997.9.8.1735.pdf}},
  number    = {8},
  pages     = {1735--1780},
  publisher = {MIT press},
  title     = {Long short-term memory},
  volume    = {9},
  year      = {1997}
}

@article{Hoff2002latentSpaceApproachesSocialNetworkAnalysis,
  author    = {Hoff, Peter D and Raftery, Adrian E and Handcock, Mark S},
  journal   = {Journal of the american Statistical association},
  note      = {\url{https://www.stat.cmu.edu/~brian/905-2009/all-papers/hoff-raftery-handcock-2002-jasa.pdf}},
  number    = {460},
  pages     = {1090--1098},
  publisher = {Taylor \& Francis},
  title     = {Latent space approaches to social network analysis},
  volume    = {97},
  year      = {2002}
}

@article{Hogan2017CanonicalFormsIsomorphicEquivalentRDFGraphs,
  author    = {Hogan, Aidan},
  journal   = {ACM Transactions on the Web (TWEB)},
  note      = {\url{https://dl.acm.org/doi/pdf/10.1145/3068333}},
  number    = {4},
  pages     = {1--62},
  publisher = {ACM New York, NY, USA},
  title     = {Canonical forms for isomorphic and equivalent RDF graphs: algorithms for leaning and labelling blank nodes},
  volume    = {11},
  year      = {2017}
}

@article{Hogan2021KGs,
  author    = {Hogan, Aidan and Blomqvist, Eva and Cochez, Michael and d’Amato, Claudia and Melo, Gerard De and Gutierrez, Claudio and Kirrane, Sabrina and Gayo, Jos{\'e} Emilio Labra and Navigli, Roberto and Neumaier, Sebastian and others},
  journal   = {ACM Computing Surveys (Csur)},
  note      = {\url{https://dl.acm.org/doi/pdf/10.1145/3447772}},
  number    = {4},
  pages     = {1--37},
  publisher = {ACM New York, NY, USA},
  title     = {Knowledge graphs},
  volume    = {54},
  year      = {2021}
}

@article{Huang2024foundationModelDrugRepurposing,
  author    = {Huang, Kexin and Chandak, Payal and Wang, Qianwen and Havaldar, Shreyas and Vaid, Akhil and Leskovec, Jure and Nadkarni, Girish N and Glicksberg, Benjamin S and Gehlenborg, Nils and Zitnik, Marinka},
  journal   = {Nature Medicine},
  note      = {\url{https://www.nature.com/articles/s41591-024-03233-x.pdf}},
  number    = {12},
  pages     = {3601--3613},
  publisher = {Nature Publishing Group US New York},
  title     = {A foundation model for clinician-centered drug repurposing},
  volume    = {30},
  year      = {2024}
}

@book{Iversen1992hyperbolicGeometry,
  author    = {Iversen, Birger},
  number    = {25},
  publisher = {Cambridge University Press},
  title     = {Hyperbolic geometry},
  year      = {1992}
}

@article{Jha2019genomicsKG,
  author  = {Jha, Alokkumar and Khan, Yasar and Verma, Ghanshyam and Zehra, Durre and Rebholz-Schuhmann, D and Dangwal, S and d’Aquin, M},
  journal = {J Adv Health},
  note    = {\url{https://www.academia.edu/download/97398426/5ADA88DCDFFC433CB90537322E6B5256.pdf}},
  number  = {02},
  pages   = {70--84},
  title   = {GenomicsKG: a knowledge graph to visualize poly-omics data},
  volume  = {1},
  year    = {2019}
}

@article{Jimenez2024explainableDrugRepurposing,
  author    = {Jim{\'e}nez, Ana and Merino, Mar{\'\i}a Jos{\'e} and Parras, Juan and Zazo, Santiago},
  journal   = {Scientific Reports},
  note      = {\url{https://www.nature.com/articles/s41598-024-67163-x.pdf}},
  number    = {1},
  pages     = {16587},
  publisher = {Nature Publishing Group UK London},
  title     = {Explainable drug repurposing via path based knowledge graph completion},
  volume    = {14},
  year      = {2024}
}

@article{kipf2016semi,
  author  = {Kipf, Thomas N and Welling, Max},
  journal = {arXiv preprint arXiv:1609.02907},
  note    = {\url{https://arxiv.org/pdf/1609.02907}},
  title   = {Semi-supervised classification with graph convolutional networks},
  year    = {2016}
}

@misc{Knublauch2017SHACL,
  author = {Knublauch, Holger and Kontokostas, Dimitris},
  month  = {July},
  note   = {\url{https://www.w3.org/TR/2017/REC-shacl-20170720/}},
  title  = {Shapes Constraint Language (SHACL)},
  year   = {2017}
}

@article{Krioukov2010HyperbolicGeometryComplexNetworks,
  author    = {Krioukov, Dmitri and Papadopoulos, Fragkiskos and Kitsak, Maksim and Vahdat, Amin and Bogun{\'a}, Mari{\'a}n},
  journal   = {Physical Review E—Statistical, Nonlinear, and Soft Matter Physics},
  note      = {\url{https://link.aps.org/pdf/10.1103/PhysRevE.82.036106?casa_token=GrEF2evSpXoAAAAA:LroxfT_SzO6rloJwSTxtP8wXFCfS6Tyqcqe687xGuQ74rVhJ3VYsGoBWZTJA9Nk2Xc9qR7UQd9ZwFA}},
  number    = {3},
  pages     = {036106},
  publisher = {APS},
  title     = {Hyperbolic geometry of complex networks},
  volume    = {82},
  year      = {2010}
}

@misc{Kroetsch2016knowledge,
  author  = {Kroetsch, M and Weikum, Gerhard},
  journal = {Semantic Web (Aug. 2016)},
  note    = {\url{http://www.websemanticsjournal.org/index.php/ps/announcement/view/19}},
  title   = {Journal of Web Semantics: Special Issue on Knowledge Graphs},
  year    = {2016}
}

@article{Kruskal1964MultidimensionalScalingOptimizingGoodnessFitNonmetricHypothesis,
  author    = {Kruskal, Joseph B},
  journal   = {Psychometrika},
  note      = {\url{https://www.cambridge.org/core/services/aop-cambridge-core/content/view/60D38EAAC9DB3FD765AEDBECEB4F4333/S003331230004206Xa.pdf/multidimensional\_scaling\_by\_optimizing\_goodness\_of\_fit\_to\_a\_nonmetric\_hypothesis.pdf}},
  number    = {1},
  pages     = {1--27},
  publisher = {Springer-Verlag},
  title     = {Multidimensional scaling by optimizing goodness of fit to a nonmetric hypothesis},
  volume    = {29},
  year      = {1964}
}

@book{LabraGayo2017ValidatingRDF,
  author    = {Gayo, Jose Emilio Labra and Prud'Hommeaux, Eric and Boneva, Iovka and Kontokostas, Dimitris},
  publisher = {Morgan \& Claypool Publishers},
  title     = {Validating RDF data},
  year      = {2017}
}

@book{Lee2003smooth,
  author    = {Lee, John M and Lee, John M},
  note      = {\url{http://repository.cinec.edu/bitstream/cinec20/1201/1/2012_Book_IntroductionToSmoothManifolds.pdf}},
  publisher = {Springer},
  title     = {Smooth manifolds},
  year      = {2003}
}

@article{Li2015gatedGraphSequenceNNs,
  author  = {Li, Yujia and Tarlow, Daniel and Brockschmidt, Marc and Zemel, Richard},
  journal = {arXiv preprint arXiv:1511.05493},
  note    = {\url{https://arxiv.org/pdf/1511.05493}},
  title   = {Gated graph sequence neural networks},
  year    = {2015}
}

@article{Li2020kghc,
  author    = {Li, Nan and Yang, Zhihao and Luo, Ling and Wang, Lei and Zhang, Yin and Lin, Hongfei and Wang, Jian},
  journal   = {BMC Medical Informatics and Decision Making},
  note      = {\url{https://link.springer.com/content/pdf/10.1186/s12911-020-1112-5.pdf}},
  pages     = {1--11},
  publisher = {Springer},
  title     = {KGHC: a knowledge graph for hepatocellular carcinoma},
  volume    = {20},
  year      = {2020}
}

@misc{li2022graphrepresentationlearningbiomedicine,
  author    = {Li, Michelle M and Huang, Kexin and Zitnik, Marinka},
  journal   = {Nature Biomedical Engineering},
  note      = {\url{https://pmc.ncbi.nlm.nih.gov/articles/PMC10699434/pdf/nihms-1946278.pdf}},
  number    = {12},
  pages     = {1353--1369},
  publisher = {Nature Publishing Group UK London},
  title     = {Graph representation learning in biomedicine and healthcare},
  volume    = {6},
  year      = {2022}
}

@article{Liu2018GraphuSummarizationMethodsAndApplications,
  author    = {Liu, Yike and Safavi, Tara and Dighe, Abhilash and Koutra, Danai},
  journal   = {ACM computing surveys (CSUR)},
  note      = {\url{https://dl.acm.org/doi/pdf/10.1145/3186727}},
  number    = {3},
  pages     = {1--34},
  publisher = {ACM New York, NY, USA},
  title     = {Graph summarization methods and applications: A survey},
  volume    = {51},
  year      = {2018}
}

@misc{Longley2019RDFDatasetNormalization,
  author       = {Longley, Dave and Sporny, Manu},
  howpublished = {W3C Community Group Draft Report},
  month        = {February},
  title        = {RDF Dataset Normalization, A Standard RDF Dataset Normalization Algorithm},
  url          = {http://json-ld.github.io/normalization/spec/},
  year         = {2019}
}

@article{Lu2025BiomedicalKG,
  author  = {Lu, Yuxing and Goi, Sin Yee and Zhao, Xukai and Wang, Jinzhuo},
  journal = {arXiv preprint arXiv:2501.11632},
  note    = {\url{https://arxiv.org/pdf/2501.11632}},
  title   = {Biomedical Knowledge Graph: A Survey of Domains, Tasks, and Real-World Applications},
  year    = {2025}
}

@article{MartinezRodriguez2020InformationExtractionMeetsSemanticWeb,
  author    = {Martinez-Rodriguez, Jose L and Hogan, Aidan and Lopez-Arevalo, Ivan},
  journal   = {Semantic Web},
  note      = {\url{https://repositorio.uchile.cl/xmlui/bitstream/handle/2250/174484/Information-extraction-meets-the-Semantic-Web.pdf?sequence=1}},
  number    = {2},
  pages     = {255--335},
  publisher = {SAGE Publications Sage UK: London, England},
  title     = {Information extraction meets the semantic web: a survey},
  volume    = {11},
  year      = {2020}
}

@book{McCarthy1990FomalizingCommonsense,
  author = {Akman, Varol},
  note   = {\url{https://web-archive.southampton.ac.uk/cogprints.org/481/2/fcs.ps}},
  title  = {John McCarthy, Formalizing Common Sense: Papers by John McCarthy},
  year   = {1996}
}

@article{Mcpherson2001homophilyInSocialNw,
  author    = {McPherson, Miller and Smith-Lovin, Lynn and Cook, James M},
  journal   = {Annual review of sociology},
  note      = {\url{http://www.cse.cuhk.edu.hk/~cslui/CMSC5734/McPherson\_HomophilyInSocialNetworks.pdf}},
  number    = {1},
  pages     = {415--444},
  publisher = {Annual Reviews 4139 El Camino Way, PO Box 10139, Palo Alto, CA 94303-0139, USA},
  title     = {Birds of a feather: Homophily in social networks},
  volume    = {27},
  year      = {2001}
}

@article{Merkwirth2005automaticGenerationComplementaryDescriptorsMolecularGraphNetworks,
  author    = {Merkwirth, Christian and Lengauer, Thomas},
  journal   = {Journal of chemical information and modeling},
  note      = {\url{https://pubs.acs.org/doi/pdf/10.1021/ci049613b}},
  number    = {5},
  pages     = {1159--1168},
  publisher = {ACS Publications},
  title     = {Automatic generation of complementary descriptors with molecular graph networks},
  volume    = {45},
  year      = {2005}
}

@misc{Mungall2012OBOF,
  author       = {Chris Mungall and Alan Ruttenberg and Ian Horrocks and David Osumi-Sutherland},
  howpublished = {Editor’s Draft},
  note         = {\url{http://owlcollab.github.io/oboformat/doc/obo-syntax.html}},
  title        = {OBO Flat File Format 1.4 Syntax and Semantics},
  year         = {2012}
}

@article{murphy2018janossyPooling,
  author  = {Murphy, Ryan L and Srinivasan, Balasubramaniam and Rao, Vinayak and Ribeiro, Bruno},
  journal = {arXiv preprint arXiv:1811.01900},
  note    = {\url{https://arxiv.org/pdf/1811.01900}},
  title   = {Janossy pooling: Learning deep permutation-invariant functions for variable-size inputs},
  year    = {2018}
}

@article{Nickel2015ReviewRelationalMLKG,
  author    = {Nickel, Maximilian and Murphy, Kevin and Tresp, Volker and Gabrilovich, Evgeniy},
  journal   = {Proceedings of the IEEE},
  note      = {\url{https://ieeexplore.ieee.org/ielaam/5/7360840/7358050-aam.pdf}},
  number    = {1},
  pages     = {11--33},
  publisher = {IEEE},
  title     = {A review of relational machine learning for knowledge graphs},
  volume    = {104},
  year      = {2015}
}

@article{ONeil2024phenomicsAssistant,
  author    = {O’Neil, Shawn T and Schaper, Kevin and Elsarboukh, Glass and Reese, Justin T and Moxon, Sierra AT and Harris, Nomi L and Munoz-Torres, Monica C and Robinson, Peter N and Haendel, Melissa A and Mungall, Christopher J},
  journal   = {bioRxiv},
  note      = {\url{https://www.biorxiv.org/content/biorxiv/early/2024/02/02/2024.01.31.578275.full.pdf}},
  pages     = {2024--01},
  publisher = {Cold Spring Harbor Laboratory},
  title     = {Phenomics Assistant: An Interface for LLM-based Biomedical Knowledge Graph Exploration},
  year      = {2024}
}

@inproceedings{Ou2016asymmetricTransitivityPreservingGraphEmbedding,
  author    = {Ou, Mingdong and Cui, Peng and Pei, Jian and Zhang, Ziwei and Zhu, Wenwu},
  booktitle = {Proceedings of the 22nd ACM SIGKDD international conference on Knowledge discovery and data mining},
  note      = {\url{https://dl.acm.org/doi/pdf/10.1145/2939672.2939751}},
  pages     = {1105--1114},
  title     = {Asymmetric transitivity preserving graph embedding},
  year      = {2016}
}

@article{Pan2024unifyingLLMsKGs,
  author    = {Pan, Shirui and Luo, Linhao and Wang, Yufei and Chen, Chen and Wang, Jiapu and Wu, Xindong},
  journal   = {IEEE Transactions on Knowledge and Data Engineering},
  note      = {\url{https://arxiv.org/pdf/2306.08302}},
  number    = {7},
  pages     = {3580--3599},
  publisher = {IEEE},
  title     = {Unifying large language models and knowledge graphs: A roadmap},
  volume    = {36},
  year      = {2024}
}

@article{Papadopoulos2012popularityVSSimilarityGrowingNetworks,
  author    = {Papadopoulos, Fragkiskos and Kitsak, Maksim and Serrano, M {\'A}ngeles and Bogun{\'a}, Mari{\'a}n and Krioukov, Dmitri},
  journal   = {Nature},
  note      = {\url{https://idp.nature.com/authorize/casa?redirect_uri=https://www.nature.com/articles/nature11459&casa_token=5V3spBYuLiAAAAAA:Zg64CDcd2S0kpY6XDR6gJMryF-91zbTCcU9aPT3SrSC5p5OE5J_-pAsZPrLg9kUkvyoTLS9IshTR4w1E}},
  number    = {7417},
  pages     = {537--540},
  publisher = {Nature Publishing Group UK London},
  title     = {Popularity versus similarity in growing networks},
  volume    = {489},
  year      = {2012}
}

@article{Paulheim2016KnowledgeGR,
  author    = {Paulheim, Heiko},
  journal   = {Semantic web},
  note      = {\url{https://dl.acm.org/doi/abs/10.3233/sw-160218}},
  number    = {3},
  pages     = {489--508},
  publisher = {SAGE Publications Sage UK: London, England},
  title     = {Knowledge graph Crefinement: A survey of approaches and evaluation methods},
  volume    = {8},
  year      = {2016}
}

@article{Percha2018globalNetworkBiomedicalRelationshipsDerivedText,
  author    = {Percha, Bethany and Altman, Russ B},
  journal   = {Bioinformatics},
  note      = {\url{https://academic.oup.com/bioinformatics/article-pdf/34/15/2614/48935544/bty114.pdf}},
  number    = {15},
  pages     = {2614--2624},
  publisher = {Oxford University Press},
  title     = {A global network of biomedical relationships derived from text},
  volume    = {34},
  year      = {2018}
}

@inproceedings{Perozzi2014DeepWalk,
  author    = {Perozzi, Bryan and Al-Rfou, Rami and Skiena, Steven},
  booktitle = {Proceedings of the 20th ACM SIGKDD international conference on Knowledge discovery and data mining},
  note      = {\url{https://dl.acm.org/doi/pdf/10.1145/2623330.2623732}},
  pages     = {701--710},
  title     = {Deepwalk: Online learning of social representations},
  year      = {2014}
}

@inproceedings{Pham2015EmergenSchemaFromRDF,
  author    = {Minh-Duc Pham and Linnea Passing and Orri Erling and Peter A. Boncz},
  booktitle = {Proceedings of the International Conference on Management of Data (SIGMOD)},
  note      = {\url{https://dl.acm.org/doi/pdf/10.1145/2736277.2741121}},
  pages     = {864--874},
  title     = {Deriving an Emergent Relational Schema from RDF Data},
  year      = {2015}
}

@inproceedings{Pham2017columnNetworksCollectiveClassification,
  author    = {Pham, Trang and Tran, Truyen and Phung, Dinh and Venkatesh, Svetha},
  booktitle = {Proceedings of the AAAI conference on artificial intelligence},
  note      = {\url{https://ojs.aaai.org/index.php/AAAI/article/download/10851/10710}},
  number    = {1},
  title     = {Column networks for collective classification},
  volume    = {31},
  year      = {2017}
}

@article{PingPeipei2017IKGA,
  author    = {Ping, Peipei and Watson, Karol and Han, Jiawei and Bui, Alex},
  journal   = {Circulation research},
  note      = {\url{https://www.ahajournals.org/doi/pdf/10.1161/CIRCRESAHA.116.310024}},
  number    = {7},
  pages     = {1078--1080},
  publisher = {Lippincott Williams \& Wilkins Hagerstown, MD},
  title     = {Individualized knowledge graph: a viable informatics path to precision medicine},
  volume    = {120},
  year      = {2017}
}

@inproceedings{Prudhommeaux2014ShapeExpressions,
  author    = {Prud'hommeaux, Eric and Labra Gayo, Jose Emilio and Solbrig, Harold},
  booktitle = {Proceedings of the 10th International Conference on Semantic Systems},
  note      = {\url{https://dl.acm.org/doi/pdf/10.1145/2660517.2660523}},
  pages     = {32--40},
  title     = {Shape expressions: an RDF validation and transformation language},
  year      = {2014}
}

@inproceedings{Pujara2013KGIdentification,
  address   = {New York, USA},
  author    = {J. Pujara and H. Miao and L. Getoor and W. Cohen},
  booktitle = {Proceedings of the 12th International Semantic Web Conference - Part I, ISWC '13},
  note      = {\url{https://kilthub.cmu.edu/articles/Knowledge\_Graph\_Identification/6475832/files/11907203.pdf}},
  pages     = {542--557},
  publisher = {Springer},
  title     = {Knowledge Graph Identification},
  year      = {2013}
}

@book{Ramsay2013introductionHyperbolicGeometry,
  author    = {Ramsay, Arlan and Richtmyer, Robert D},
  publisher = {Springer Science \& Business Media},
  title     = {Introduction to hyperbolic geometry},
  year      = {2013}
}

@article{ReeseJustinT.2021KAFt,
  author    = {Reese, Justin T and Unni, Deepak and Callahan, Tiffany J and Cappelletti, Luca and Ravanmehr, Vida and Carbon, Seth and Shefchek, Kent A and Good, Benjamin M and Balhoff, James P and Fontana, Tommaso and others},
  journal   = {Patterns},
  note      = {\url{https://www.cell.com/patterns/pdfExtended/S2666-3899(20)30203-8}},
  number    = {1},
  publisher = {Elsevier},
  title     = {KG-COVID-19: a framework to produce customized knowledge graphs for COVID-19 response},
  volume    = {2},
  year      = {2021}
}

@article{Robbins1951stochasticApproximation,
  author    = {Robbins, Herbert and Monro, Sutton},
  journal   = {The annals of mathematical statistics},
  note      = {\url{https://www.jstor.org/stable/pdf/2236626.pdf}},
  pages     = {400--407},
  publisher = {JSTOR},
  title     = {A stochastic approximation method},
  year      = {1951}
}

@software{Robinson2024PhenopacketStore,
  author    = {Robinson, Peter and Danis, Daniel and Dingemans, and Klocperk, Adam and Hansen, Peter and Groza, Tudor},
  doi       = {10.5281/zenodo.14053543},
  month     = nov,
  note      = {\url{https://doi.org/10.5281/zenodo.14053543}},
  publisher = {Zenodo},
  title     = {monarch-initiative/phenopacket-store: 0.1.21},
  version   = {0.1.21},
  year      = 2024
}

@inproceedings{Rodriguez2015Gremlin,
  author    = {Rodriguez, Marko A},
  booktitle = {Proceedings of the 15th symposium on database programming languages},
  note      = {\url{https://dl.acm.org/doi/pdf/10.1145/2815072.2815073}},
  pages     = {1--10},
  title     = {The gremlin graph traversal machine and language (invited talk)},
  year      = {2015}
}

@article{Sang2018sematyp,
  author    = {Sang, Shengtian and Yang, Zhihao and Wang, Lei and Liu, Xiaoxia and Lin, Hongfei and Wang, Jian},
  journal   = {BMC bioinformatics},
  note      = {\url{https://link.springer.com/content/pdf/10.1186/s12859-018-2167-5.pdf}},
  pages     = {1--11},
  publisher = {Springer},
  title     = {SemaTyP: a knowledge graph based literature mining method for drug discovery},
  volume    = {19},
  year      = {2018}
}

@inproceedings{sarkar2011lowDIstortionDelaunayEmbedding,
  author       = {Sarkar, Rik},
  booktitle    = {International symposium on graph drawing},
  note         = {\url{https://www.research.ed.ac.uk/files/18015898/Sarkar_2011_Low_Distortion_Delaunay_Embedding_of_Trees_in_Hyperbolic_Plane.pdf}},
  organization = {Springer},
  pages        = {355--366},
  title        = {Low distortion delaunay embedding of trees in hyperbolic plane},
  year         = {2011}
}

@article{scarselli2008graphNeuralNetworkModel,
  author    = {Scarselli, Franco and Gori, Marco and Tsoi, Ah Chung and Hagenbuchner, Markus and Monfardini, Gabriele},
  journal   = {IEEE transactions on neural networks},
  note      = {\url{https://papers.baulab.info/papers/Scarselli-2009.pdf}},
  number    = {1},
  pages     = {61--80},
  publisher = {IEEE},
  title     = {The graph neural network model},
  volume    = {20},
  year      = {2008}
}

@inproceedings{Schneider2011ReasoningOWL2Full,
  author       = {Schneider, Michael and Sutcliffe, Geoff},
  booktitle    = {Automated Deduction--CADE-23: 23rd International Conference on Automated Deduction, Wroc{\l}aw, Poland, July 31-August 5, 2011. Proceedings 23},
  note         = {\url{https://arxiv.org/pdf/1108.0155}},
  organization = {Springer},
  pages        = {461--475},
  title        = {Reasoning in the OWL 2 full ontology language using first-order automated theorem proving},
  year         = {2011}
}

@article{selsam2018LearningSATSolverSingleBitSupervision,
  author  = {Selsam, Daniel and Lamm, Matthew and B{\"u}nz, Benedikt and Liang, Percy and de Moura, Leonardo and Dill, David L},
  journal = {arXiv preprint arXiv:1802.03685},
  note    = {\url{https://arxiv.org/pdf/1802.03685}},
  title   = {Learning a SAT solver from single-bit supervision},
  year    = {2018}
}

@article{Shang2021ehr,
  author    = {Shang, Yong and Tian, Yu and Zhou, Min and Zhou, Tianshu and Lyu, Kewei and Wang, Zhixiao and Xin, Ran and Liang, Tingbo and Zhu, Shiqiang and Li, Jingsong},
  journal   = {IEEE Journal of Biomedical and Health Informatics},
  note      = {\url{https://ieeexplore.ieee.org/iel7/6221020/6363502/09444689.pdf}},
  number    = {7},
  pages     = {2463--2475},
  publisher = {IEEE},
  title     = {EHR-oriented knowledge graph system: toward efficient utilization of non-used information buried in routine clinical practice},
  volume    = {25},
  year      = {2021}
}

@article{Shu2024KG-LLM,
  author    = {Shu, Dong and Chen, Tianle and Jin, Mingyu and Zhang, Chong and Du, Mengnan and Zhang, Yongfeng},
  journal   = {Proceedings of Machine Learning Research},
  note      = {\url{https://arxiv.org/pdf/2403.07311}},
  number    = {1},
  pages     = {143},
  publisher = {ML Research Press},
  title     = {Knowledge Graph Large Language Model (KG-LLM) for Link Prediction:(ACML)},
  volume    = {260},
  year      = {2024}
}

@article{Soman2024biomedicalKGOptimizedPromptGenerationForLLMs,
  author    = {Soman, Karthik and Rose, Peter W and Morris, John H and Akbas, Rabia E and Smith, Brett and Peetoom, Braian and Villouta-Reyes, Catalina and Cerono, Gabriel and Shi, Yongmei and Rizk-Jackson, Angela and others},
  journal   = {Bioinformatics},
  note      = {\url{https://academic.oup.com/bioinformatics/article-pdf/40/9/btae560/59459865/btae560.pdf}},
  number    = {9},
  pages     = {btae560},
  publisher = {Oxford University Press},
  title     = {Biomedical knowledge graph-optimized prompt generation for large language models},
  volume    = {40},
  year      = {2024}
}

@article{soto2021hetnode2vec,
  author  = {Soto-Gomez, Mauricio and Robinson, Peter and Cano, Carlos and Pashaeibarough, Ali and Cavalleri, Emanuele and Reese, Justin and Mesiti, Marco and Valentini, Giorgio and Casiraghi, Elena},
  journal = {arXiv e-prints},
  pages   = {arXiv--2101},
  title   = {Het-node2vec: second order random walk sampling for heterogeneous multigraphs embedding},
  year    = {2021}
}

@incollection{Spahiu2016ABSTAT,
  author       = {Spahiu, Blerina and Porrini, Riccardo and Palmonari, Matteo and Rula, Anisa and Maurino, Andrea},
  booktitle    = {The Semantic Web: ESWC 2016 Satellite Events, Heraklion, Crete, Greece, May 29--June 2, 2016, Revised Selected Papers 13},
  note         = {\url{https://boa.unimib.it/bitstream/10281/118069/1/sumpre2016.pdf}},
  organization = {Springer},
  pages        = {381--395},
  title        = {ABSTAT: ontology-driven linked data summaries with pattern minimalization},
  year         = {2016}
}

@article{Su2020NetworkEmbeddingBiomedicalbDS,
  author    = {Su, Chang and Tong, Jie and Zhu, Yongjun and Cui, Peng and Wang, Fei},
  journal   = {Briefings in bioinformatics},
  note      = {\url{https://academic.oup.com/bib/article-pdf/21/1/182/32376207/bby117.pdf}},
  number    = {1},
  pages     = {182--197},
  publisher = {Oxford University Press},
  title     = {Network embedding in biomedical data science},
  volume    = {21},
  year      = {2020}
}

@article{Sung2021canLMBeKnowledgeBases,
  author  = {Sung, Mujeen and Lee, Jinhyuk and Yi, Sean and Jeon, Minji and Kim, Sungdong and Kang, Jaewoo},
  journal = {arXiv preprint arXiv:2109.07154},
  note    = {\url{https://arxiv.org/pdf/2109.07154}},
  title   = {Can language models be biomedical knowledge bases?},
  year    = {2021}
}

@inproceedings{tang2015line,
  author    = {Tang, Jian and Qu, Meng and Wang, Mingzhe and Zhang, Ming and Yan, Jun and Mei, Qiaozhu},
  booktitle = {Proceedings of the 24th international conference on world wide web},
  note      = {\url{https://dl.acm.org/doi/pdf/10.1145/2736277.2741093}},
  pages     = {1067--1077},
  title     = {Line: Large-scale information network embedding},
  year      = {2015}
}

@article{Tao2020miningHealthKnowledgeHealthRiskPrediction,
  author    = {Tao, Xiaohui and Pham, Thuan and Zhang, Ji and Yong, Jianming and Goh, Wee Pheng and Zhang, Wenping and Cai, Yi},
  journal   = {World Wide Web},
  note      = {\url{https://link.springer.com/content/pdf/10.1007/s11280-020-00810-1.pdf}},
  pages     = {2341--2362},
  publisher = {Springer},
  title     = {Mining health knowledge graph for health risk prediction},
  volume    = {23},
  year      = {2020}
}

@inproceedings{Trouillon2016ComplEx,
  author       = {Trouillon, Th{\'e}o and Welbl, Johannes and Riedel, Sebastian and Gaussier, {\'E}ric and Bouchard, Guillaume},
  booktitle    = {International conference on machine learning},
  note         = {\url{http://proceedings.mlr.press/v48/trouillon16.pdf}},
  organization = {PMLR},
  pages        = {2071--2080},
  title        = {Complex embeddings for simple link prediction},
  year         = {2016}
}

@article{Vaswani2017attentionIsAllYouNeed,
  author  = {Vaswani, Ashish and Shazeer, Noam and Parmar, Niki and Uszkoreit, Jakob and Jones, Llion and Gomez, Aidan N and Kaiser, {\L}ukasz and Polosukhin, Illia},
  journal = {Advances in neural information processing systems},
  note    = {\url{https://proceedings.neurips.cc/paper/2017/file/3f5ee243547dee91fbd053c1c4a845aa-Paper.pdf}},
  title   = {Attention is all you need},
  volume  = {30},
  year    = {2017}
}

@article{Velivckovic2017graphAttentionNetworks,
  author  = {Veli{\v{c}}kovi{\'c}, Petar and Cucurull, Guillem and Casanova, Arantxa and Romero, Adriana and Lio, Pietro and Bengio, Yoshua},
  journal = {arXiv preprint arXiv:1710.10903},
  note    = {\url{https://arxiv.org/pdf/1710.10903}},
  title   = {Graph attention networks},
  year    = {2017}
}

@inproceedings{xu2018RepresentationLearningGraphsJumpingKnowledgeNetworks,
  author       = {Xu, Keyulu and Li, Chengtao and Tian, Yonglong and Sonobe, Tomohiro and Kawarabayashi, Ken-ichi and Jegelka, Stefanie},
  booktitle    = {International conference on machine learning},
  note         = {\url{http://proceedings.mlr.press/v80/xu18c/xu18c.pdf}},
  organization = {PMLR},
  pages        = {5453--5462},
  title        = {Representation learning on graphs with jumping knowledge networks},
  year         = {2018}
}

@article{Yang2014DistMult,
  author  = {Yang, Bishan and Yih, Wen-tau and He, Xiaodong and Gao, Jianfeng and Deng, Li},
  journal = {arXiv preprint arXiv:1412.6575},
  note    = {\url{https://arxiv.org/pdf/1412.6575}},
  title   = {Embedding entities and relations for learning and inference in knowledge bases},
  year    = {2014}
}

@article{zaheer2017deepSets,
  author  = {Zaheer, Manzil and Kottur, Satwik and Ravanbakhsh, Siamak and Poczos, Barnabas and Salakhutdinov, Russ R and Smola, Alexander J},
  journal = {Advances in neural information processing systems},
  note    = {\url{https://proceedings.neurips.cc/paper/2017/file/f22e4747da1aa27e363d86d40ff442fe-Paper.pdf}},
  title   = {Deep sets},
  volume  = {30},
  year    = {2017}
}

@article{Zhang2021drugRepurposingForCovid19,
  author    = {Zhang, Rui and Hristovski, Dimitar and Schutte, Dalton and Kastrin, Andrej and Fiszman, Marcelo and Kilicoglu, Halil},
  journal   = {Journal of biomedical informatics},
  note      = {\url{https://www.sciencedirect.com/science/article/pii/S1532046421000253}},
  pages     = {103696},
  publisher = {Elsevier},
  title     = {Drug repurposing for COVID-19 via knowledge graph completion},
  volume    = {115},
  year      = {2021}
}

@article{Zhang2022ontoprotein,
  author  = {Zhang, Ningyu and Bi, Zhen and Liang, Xiaozhuan and Cheng, Siyuan and Hong, Haosen and Deng, Shumin and Lian, Jiazhang and Zhang, Qiang and Chen, Huajun},
  journal = {arXiv preprint arXiv:2201.11147},
  note    = {\url{https://arxiv.org/pdf/2201.11147}},
  title   = {Ontoprotein: Protein pretraining with gene ontology embedding},
  year    = {2022}
}

@article{Zheng2021multiModalKGCOVID19,
  author    = {Zheng, Wenbo and Yan, Lan and Gou, Chao and Zhang, Zhi-Cheng and Zhang, Jun Jason and Hu, Ming and Wang, Fei-Yue},
  journal   = {Information Fusion},
  note      = {\url{https://www.sciencedirect.com/science/article/pii/S1566253521001159}},
  pages     = {168--185},
  publisher = {Elsevier},
  title     = {Pay attention to doctor--patient dialogues: Multi-modal knowledge graph attention image-text embedding for COVID-19 diagnosis},
  volume    = {75},
  year      = {2021}
}

@article{Zhou2003LearningLocalGlobalConsistency,
  author  = {Zhou, Dengyong and Bousquet, Olivier and Lal, Thomas and Weston, Jason and Sch{\"o}lkopf, Bernhard},
  journal = {Advances in neural information processing systems},
  note    = {\url{https://proceedings.neurips.cc/paper/2003/file/87682805257e619d49b8e0dfdc14affa-Paper.pdf}},
  title   = {Learning with local and global consistency},
  volume  = {16},
  year    = {2003}
}

@article{Zitnik2018ModelingPolypharmacySideEffectsGCN,
  author    = {Zitnik, Marinka and Agrawal, Monica and Leskovec, Jure},
  journal   = {Bioinformatics},
  note      = {\url{https://academic.oup.com/bioinformatics/article-pdf/34/13/i457/50316205/bioinformatics\_34\_13\_i457.pdf}},
  number    = {13},
  pages     = {i457--i466},
  publisher = {Oxford University Press},
  title     = {Modeling polypharmacy side effects with graph convolutional networks},
  volume    = {34},
  year      = {2018}
}

@article{ganea2018HNN,
  title={Hyperbolic neural networks},
  author={Ganea, Octavian and B{\'e}cigneul, Gary and Hofmann, Thomas},
  journal={Advances in neural information processing systems},
  volume={31},
  year={2018},
  note={\url{https://proceedings.neurips.cc/paper/2018/file/dbab2adc8f9d078009ee3fa810bea142-Paper.pdf}}
}

@article{liu2019HGNN,
  title={Hyperbolic graph neural networks},
  author={Liu, Qi and Nickel, Maximilian and Kiela, Douwe},
  journal={Advances in neural information processing systems},
  volume={32},
  year={2019},
  note={\url{https://proceedings.neurips.cc/paper/2019/file/103303dd56a731e377d01f6a37badae3-Paper.pdf}}
}

@article{chami2019HGCN,
  title={Hyperbolic graph convolutional neural networks},
  author={Chami, Ines and Ying, Zhitao and R{\'e}, Christopher and Leskovec, Jure},
  journal={Advances in neural information processing systems},
  volume={32},
  year={2019},
  note={\url{https://proceedings.neurips.cc/paper_files/paper/2019/file/0415740eaa4d9decbc8da001d3fd805f-Paper.pdf}}
}

@article{bonnabel2013stochastic,
  title={Stochastic gradient descent on Riemannian manifolds},
  author={Bonnabel, Silvere},
  journal={IEEE Transactions on Automatic Control},
  volume={58},
  number={9},
  pages={2217--2229},
  year={2013},
  publisher={IEEE},
  note={\url{https://ieeexplore.ieee.org/iel7/9/4601496/06487381.pdf}}
}       

@article{nickel2017poincare,
  title={Poincar{\'e} embeddings for learning hierarchical representations},
  author={Nickel, Maximillian and Kiela, Douwe},
  journal={Advances in neural information processing systems},
  volume={30},
  year={2017},
  note={\url{https://proceedings.neurips.cc/paper_files/paper/2017/file/59dfa2df42d9e3d41f5b02bfc32229dd-Paper.pdf}}
}

@article{Ungar1999HyperbolicPythagoreanTheoremPoincareDiscModel,
  title={The hyperbolic Pythagorean theorem in the Poincar{\'e} disc model of hyperbolic geometry},
  author={Ungar, Abraham A},
  journal={The American mathematical monthly},
  volume={106},
  number={8},
  pages={759--763},
  year={1999},
  publisher={Taylor \& Francis},
  note={\url{https://www.tandfonline.com/doi/pdf/10.1080/00029890.1999.12005114}}
}

@book{ungar2022gyrovectorSpaceHyperbolicGeometry,
  title={A gyrovector space approach to hyperbolic geometry},
  author={Ungar, Abraham},
  year={2022},
  publisher={Springer Nature}
}

@article{bonnabel2013RSGD,
  title={Stochastic gradient descent on Riemannian manifolds},
  author={Bonnabel, Silvere},
  journal={IEEE Transactions on Automatic Control},
  volume={58},
  number={9},
  pages={2217--2229},
  year={2013},
  publisher={IEEE},
  note = {\url{https://ieeexplore.ieee.org/stamp/stamp.jsp?arnumber=6487381&casa\_token=uvLGPDh-gagAAAAA:KXqNSRGIEuSh9s44vqTHWXeGYah3YPe4FgMIWQ68gPvHTf1K88_4yvIctyV1oOLTCSQDxqS-zkM&tag=1}}
}

@inproceedings{frechet1948elements,
  title={Les {\'e}l{\'e}ments al{\'e}atoires de nature quelconque dans un espace distanci{\'e}},
  author={Fr{\'e}chet, Maurice},
  booktitle={Annales de l'institut Henri Poincar{\'e}},
  volume={10},
  number={4},
  pages={215--310},
  year={1948},
  note={\url{http://www.numdam.org/item/AIHP_1948__10_4_215_0.pdf}}
}

@inproceedings{ioffe2015batchNormalization,
  title={Batch normalization: Accelerating deep network training by reducing internal covariate shift},
  author={Ioffe, Sergey and Szegedy, Christian},
  booktitle={International conference on machine learning},
  pages={448--456},
  year={2015},
  organization={pmlr},
  note={\url{http://proceedings.mlr.press/v37/ioffe15.pdf}}
}